@ARTICLE{Tamura2011-ky,
  title     = "{MEGA5}: molecular evolutionary genetics analysis using maximum
               likelihood, evolutionary distance, and maximum parsimony methods",
  author    = "Tamura, Koichiro and Peterson, Daniel and Peterson, Nicholas and
               Stecher, Glen and Nei, Masatoshi and Kumar, Sudhir",
  journal   = "Mol. Biol. Evol.",
  publisher = "academic.oup.com",
  volume    =  28,
  number    =  10,
  pages     = "2731--2739",
  month     =  oct,
  year      =  2011,
  language  = "en"
}

@ARTICLE{Guindon2010-lo,
  title       = "New algorithms and methods to estimate maximum-likelihood
                 phylogenies: assessing the performance of {PhyML} 3.0",
  author      = "Guindon, St{\'e}phane and Dufayard, Jean-Fran{\c c}ois and
                 Lefort, Vincent and Anisimova, Maria and Hordijk, Wim and
                 Gascuel, Olivier",
  journal     = "Syst. Biol.",
  publisher   = "sysbio.oxfordjournals.org",
  volume      =  59,
  number      =  3,
  pages       = "307--321",
  month       =  may,
  year        =  2010,
  original_id = "46b3dc36-b345-05f1-b6ca-2c514f957998"
}

@ARTICLE{Stamatakis2006-xb,
  title     = "{RAxML-VI-HPC}: maximum likelihood-based phylogenetic analyses
               with thousands of taxa and mixed models",
  author    = "Stamatakis, Alexandros",
  journal   = "Bioinformatics",
  publisher = "academic.oup.com",
  volume    =  22,
  number    =  21,
  pages     = "2688--2690",
  month     =  nov,
  year      =  2006,
  language  = "en"
}

@ARTICLE{Ronquist2003-eq,
  title       = "{MrBayes} 3: Bayesian phylogenetic inference under mixed
                 models",
  author      = "Ronquist, Fredrik and Huelsenbeck, John P",
  journal     = "Bioinformatics",
  publisher   = "Oxford Univ Press",
  volume      =  19,
  number      =  12,
  pages       = "1572--1574",
  month       =  aug,
  year        =  2003,
  original_id = "cbde3d79-17bc-0795-a58b-9fac91428887"
}

@ARTICLE{Suchard2018-tw,
  title     = "Bayesian phylogenetic and phylodynamic data integration using
               {BEAST} 1.10",
  author    = "Suchard, Marc A and Lemey, Philippe and Baele, Guy and Ayres,
               Daniel L and Drummond, Alexei J and Rambaut, Andrew",
  journal   = "Virus Evol",
  publisher = "academic.oup.com",
  volume    =  4,
  number    =  1,
  pages     = "vey016",
  month     =  jan,
  year      =  2018,
  language  = "en"
}

@UNPUBLISHED{Bouckaert2018-yr,
  title    = "{BEAST} 2.5: An Advanced Software Platform for Bayesian
              Evolutionary Analysis",
  author   = "Bouckaert, Remco and Vaughan, Timothy G and Barido-Sottani,
              Joelle and Duchene, Sebastian and Fourment, Mathieu and
              Gavryushkina, Alexandra and Heled, Joseph and Jones, Graham and
              Kuhnert, Denise and de Maio, Nicola and Matschiner, Michael and
              Mendes, Fabio K and Muller, Nicola and Ogilvie, Huw A and du
              Plessis, Louis and Popinga, Alex and Rambaut, Andrew and
              Rasmussen, David and Siveroni, Igor and Suchard, Marc and Wu,
              Chieh-Hsi and Xie, Dong and Zhang, Chi and Stadler, Tanja and
              Drummond, Alexei J",
  journal  = "bioRxiv",
  pages    = "474296",
  month    =  nov,
  year     =  2018,
  language = "en"
}
